@unpublished{Chaczykowski2017,
    author={Chaczykowski, Maciej and Sund, Filip, and Zarodkiewicz, Pawe≈Ç, Mongstad Hope and Sigmund},
    title={Gas composition tracking under transient conditions for pipeline
transport systems},
    year={Preprint},
}

@techreport{Calsep,
    title = {{Tuning af parametre i BWRS-tilstandsligningen til brug i STATPIPES termodynamiske programpakke \emph{[Tuning of parameters in the BWRS equation of state for use in STATPIPE's thermodynamic software suite]}}},
    author = {Munch, Jan},
    year = {1985},
    institution = {Calsep ApS},
    month = {10},
}