@inproceedings{Abbaspour2004Dynamic,
	author = {Abbaspour, Mohammad and Chapman, Kirby S. and Keshavarz, Ali},
	booktitle = {International Pipeline Conference},
	journal = {International Pipeline Conference},
	keywords = {compressible flow,fully implicit method,gas pipeline,non-isothermal},
	pages = {1-9},
	title = {Dynamic modelling of non-isothermal gas pipeline systems},
	year = 2004
}

@article{Abbaspour2010Transient,
	author = {Abbaspour, Mohammad and Chapman, Kirby S. and Glasgow, Larry A.},
	booktitle = {Applied Mathematical Modelling},
	doi = {10.1016/j.apm.2009.06.023},
	issn = {0307904X},
	journal = {Applied Mathematical Modelling},
	number = 2,
	pages = {495-507},
	publisher = {Elsevier Inc.},
	title = {Transient modeling of non-isothermal, dispersed two-phase flow in natural gas pipelines},
	url = {http://linkinghub.elsevier.com/retrieve/pii/S0307904X09001589},
	volume = 34,
	year = 2010
}

@article{Abry1996WaveletBased,
	author = {Abry, Patrice and Sellan, Fabrice},
	booktitle = {Applied and computational harmonic analysis},
	journal = {Applied and computational harmonic analysis},
	pages = {377-383},
	title = {The wavelet-based synthesis for fractional Brownian motion proposed by F. Sellan and Y. Meyer: Remarks and fast implementation},
	url = {http://www.sciencedirect.com/science/article/pii/S1063520396900305},
	urldate = {2014-05-05},
	volume = 383,
	year = 1996
}

@article{Alessio2002SecondOrder,
	author = {Alessio, E. and Carbone, Anna and Castelli, G. and Frappietro, V.},
	booktitle = {The European Physical Journal B - Condensed Matter},
	doi = {10.1140/epjb/e20020150},
	issn = {1434-6028},
	journal = {The European Physical Journal B - Condensed Matter},
	keywords = {DMA,detrending moving average},
	month = 5,
	number = 2,
	pages = {197-200},
	title = {Second-order moving average and scaling of stochastic time series},
	url = {http://www.springerlink.com/openurl.asp?genre=article&id=doi:10.1140/epjb/e20020150},
	urldate = {2014-03-11},
	volume = 27,
	year = 2002
}

@book{Barnsley1988Science,
	author = {Barnsley, Michael F. and Devaney, Robert L. and Mandelbrot, Benoit B. and Peitgen, Heinz-Otto and Saupe, Dietmar and Voss, Richard F. and Fisher, Yuval and McGuire, Michael},
	pages = 327,
	publisher = {Springer-Verlag},
	title = {The Science of Fractal Images},
	year = 1988
}

@article{Bashan2008Comparison,
	author = {Bashan, Amir and Bartsch, Ronny and Kantelhardt, Jan W. and Havlin, Shlomo},
	booktitle = {Physica A: Statistical Mechanics and its Applications},
	doi = {10.1016/j.physa.2008.04.023},
	issn = 03784371,
	journal = {Physica A: Statistical Mechanics and its Applications},
	keywords = {detrended fluctuation analysis,long-range correlations,time series analysis},
	month = 9,
	number = 21,
	pages = {5080-5090},
	title = {Comparison of detrending methods for fluctuation analysis},
	url = {http://linkinghub.elsevier.com/retrieve/pii/S0378437108003695},
	urldate = {2014-02-13},
	volume = 387,
	year = 2008
}

@article{Berendsen1984Molecular,
	author = {Berendsen, H. J. C. and Postma, J. P. M. and van Gunsteren, W. F. and DiNola, A. and Haak, J. R.},
	booktitle = {The Journal of Chemical Physics},
	doi = {10.1063/1.448118},
	issn = 00219606,
	journal = {The Journal of Chemical Physics},
	number = 8,
	pages = 3684,
	title = {Molecular dynamics with coupling to an external bath},
	url = {http://scitation.aip.org/content/aip/journal/jcp/81/8/10.1063/1.448118},
	urldate = {2014-03-19},
	volume = 81,
	year = 1984
}

@article{Bomont2008Molecular,
	author = {Bomont, J-M and Bretonnet, J-L},
	booktitle = {Journal of Physics: Conference Series},
	doi = {10.1088/1742-6596/98/4/042018},
	issn = {1742-6588},
	journal = {Journal of Physics: Conference Series},
	month = 2,
	number = 4,
	pages = 042018,
	title = {A molecular dynamics study of density profiles at the free surface of liquid mercury},
	url = {http://stacks.iop.org/1742-6596/98/i=4/a=042018?key=crossref.11217720ff50eaccba5ec8ef383948ff},
	urldate = {2014-02-13},
	volume = 98,
	year = 2008
}

@article{Bonnaud2010Molecular,
	author = {Bonnaud, P. A. and Coasne, B. and Pellenq, R. J.-M.},
	booktitle = {Journal of physics. Condensed matter: an Institute of Physics journal},
	doi = {10.1088/0953-8984/22/28/284110},
	issn = {1361-648X},
	journal = {Journal of physics. Condensed matter: an Institute of Physics journal},
	keywords = {Capillary Action,Chemical,Computer Simulation,Diffusion,Hydrophobic and Hydrophilic Interactions,Models,Phase Transition,Silicon Dioxide,Silicon Dioxide: chemistry,Solutions,Solutions: chemistry,Surface Properties,Water,Water: chemistry},
	month = 7,
	number = 28,
	pages = 284110,
	title = {Molecular simulation of water confined in nanoporous silica},
	url = {http://www.ncbi.nlm.nih.gov/pubmed/21399282},
	urldate = {2014-05-30},
	volume = 22,
	year = 2010
}

@article{Carbone2007Algorithm,
	annote = {Hurst exponent},
	author = {Carbone, Anna},
	booktitle = {Physical Review E},
	doi = {10.1103/PhysRevE.76.056703},
	institution = {Physics Department, Politecnico di Torino, Corso Duca degli Abruzzi 24, I-10129 Torino, Italy.},
	journal = {Physical Review E},
	month = 11,
	note = {Hurst exponent},
	number = 5,
	pages = 056703,
	school = {Physics Department, Politecnico di Torino, Corso Duca degli Abruzzi 24, I-10129 Torino, Italy.},
	title = {Algorithm to estimate the Hurst exponent of high-dimensional fractals},
	url = {http://arxiv.org/abs/0711.2892,http://pre.aps.org/abstract/PRE/v76/i5/e056703},
	urldate = {2014-02-05},
	volume = 76,
	year = 2007
}

@article{Carbone2007Algorithma,
	author = {Carbone, Anna},
	booktitle = {Physical Review E},
	doi = {10.1103/PhysRevE.76.056703},
	issn = {1539-3755},
	journal = {Physical Review E},
	month = 11,
	number = 5,
	pages = 056703,
	title = {Algorithm to estimate the Hurst exponent of high-dimensional fractals},
	url = {http://link.aps.org/doi/10.1103/PhysRevE.76.056703},
	urldate = {2014-02-13},
	volume = 76,
	year = 2007
}

@article{Carbone2009Detrending,
	author = {Carbone, Anna},
	booktitle = {2009 IEEE Toronto International Conference Science and Technology for Humanity (TIC-STH)},
	doi = {10.1109/TIC-STH.2009.5444412},
	journal = {2009 IEEE Toronto International Conference Science and Technology for Humanity (TIC-STH)},
	month = 9,
	pages = {691-696},
	publisher = {Ieee},
	title = {Detrending Moving Average algorithm: a brief review},
	url = {http://ieeexplore.ieee.org/lpdocs/epic03/wrapper.htm?arnumber=5444412},
	year = 2009
}

@article{Carpenter1980Computer,
	author = {Carpenter, Loren C.},
	booktitle = {Communications of the ACM},
	journal = {Communications of the ACM},
	keywords = {computer graphics,fractals,natural forms,random curves,terrain models},
	number = 6,
	pages = {371-384},
	title = {Computer Rendering of Fractal Curves and Surfaces},
	url = {http://old.siggraph.org/publications/rarities/carpenter-1980supp.pdf},
	volume = 25,
	year = 1980
}

@article{Chaczykowski2009Sensitivity,
	author = {Chaczykowski, Maciej},
	booktitle = {Chemical Engineering Research and Design},
	doi = {10.1016/j.cherd.2009.06.008},
	issn = 02638762,
	journal = {Chemical Engineering Research and Design},
	keywords = {Compressibility factor,Equation of state,Natural gas pipeline,Transient non-isothermal flow},
	number = 12,
	pages = {1596-1603},
	title = {Sensitivity of pipeline gas flow model to the selection of the equation of state},
	volume = 87,
	year = 2009
}

@article{Chaczykowski2010Transient,
	author = {Chaczykowski, Maciej},
	booktitle = {Applied Mathematical Modelling},
	doi = {10.1016/j.apm.2009.07.017},
	issn = {0307904X},
	journal = {Applied Mathematical Modelling},
	keywords = {Heat transfer in gas pipeline,Natural gas pipeline,Nonisothermal gas flow model},
	number = 4,
	pages = {1051-1067},
	publisher = {Elsevier Inc.},
	title = {Transient flow in natural gas pipeline - The effect of pipeline thermal model},
	url = {http://dx.doi.org/10.1016/j.apm.2009.07.017},
	volume = 34,
	year = 2010
}

@article{Chamoli2007Wavelet,
	author = {Chamoli, Ashutosh and Ram Bansal, Abhey and Dimri, V.P.},
	booktitle = {Computers \& Geosciences},
	doi = {10.1016/j.cageo.2006.05.008},
	issn = 00983004,
	journal = {Computers \& Geosciences},
	keywords = {hurst coefficient,power spectrum,rescaled range,self-affine,wavelet transform},
	month = 1,
	number = 1,
	pages = {83-93},
	title = {Wavelet and rescaled range approach for the Hurst coefficient for short and long time series},
	url = {http://linkinghub.elsevier.com/retrieve/pii/S0098300406000987},
	urldate = {2014-02-13},
	volume = 33,
	year = 2007
}

@article{Chen2012Superhydrophobic,
	author = {Chen, Jing and Liu, Jie and He, Min and Li, Kaiyong and Cui, Dapeng and Zhang, Qiaolan and Zeng, Xiping and Zhang, Yifan and Wang, Jianjun and Song, Yanlin},
	booktitle = {Applied Physics Letters},
	doi = {10.1063/1.4752436},
	issn = 00036951,
	journal = {Applied Physics Letters},
	number = 11,
	pages = {2012-2015},
	title = {Superhydrophobic surfaces cannot reduce ice adhesion},
	volume = 101,
	year = 2012
}

@article{Chen2013Robust,
	author = {Chen, Jing and Dou, Renmei and Cui, Dapeng and Zhang, Qiaolan and Zhang, Yifan and Xu, Fujian and Zhou, Xin and Wang, Jianjun and Song, Yanlin and Jiang, Lei},
	booktitle = {ACS Applied Materials and Interfaces},
	doi = {10.1021/am401004t},
	issn = 19448244,
	journal = {ACS Applied Materials and Interfaces},
	keywords = {anti-icing surface,hygroscopic polymer,ice adhesion,micropore arrayed silicon wafer,self-lubricating liquid water layer},
	number = 10,
	pages = {4026-4030},
	title = {Robust prototypical anti-icing coatings with a self-lubricating liquid water layer between ice and substrate},
	volume = 5,
	year = 2013
}

@article{Chen2014States,
	author = {Chen, Shuai and Wang, Jiadao and Chen, Darong},
	booktitle = {Journal of Physical Chemistry C},
	doi = {10.1021/jp504070e},
	issn = {1932-7447},
	journal = {Journal of Physical Chemistry C},
	number = 32,
	pages = {18529-18536},
	title = {States of a Water Droplet on Nanostructured Surfaces},
	url = {http://pubs.acs.org/doi/abs/10.1021/jp504070e},
	volume = 118,
	year = 2014
}

@article{Chernyy2014Superhydrophilic,
	author = {Chernyy, Sergey and Järn, Mikael and Shimizu, Kyoko and Swerin, Agne and Pedersen, Steen Uttrup and Daasbjerg, Kim and Makkonen, Lasse and Claesson, Per and Iruthayaraj, Joseph},
	booktitle = {ACS Applied Materials and Interfaces},
	doi = {10.1021/am500046d},
	issn = 19448252,
	journal = {ACS Applied Materials and Interfaces},
	keywords = {ATRP isopropanol-water,anti-icing,ice adhesion,ion exchange,polyelectrolyte brushes,superhydrophilic surfaces},
	number = 9,
	pages = {6487-6496},
	title = {Superhydrophilic polyelectrolyte brush layers with imparted anti-icing properties: Effect of counter ions},
	volume = 6,
	year = 2014
}

@article{Csaszar2005On,
	author = {Császár, Attila G and Czakó, Gábor and Furtenbacher, Tibor and Tennyson, Jonathan and Szalay, Viktor and Shirin, Sergei V and Zobov, Nikolai F and Polyansky, Oleg L},
	booktitle = {The Journal of chemical physics},
	doi = {10.1063/1.1924506},
	issn = {0021-9606},
	journal = {The Journal of chemical physics},
	month = 6,
	number = 21,
	pages = 214305,
	title = {On equilibrium structures of the water molecule.},
	url = {http://www.ncbi.nlm.nih.gov/pubmed/15974736},
	urldate = {2014-04-28},
	volume = 122,
	year = 2005
}

@article{Darmanin2013Recent,
	author = {Darmanin, Thierry and Guittard, Frederic},
	booktitle = {The Royal Society of Chemistry},
	doi = {10.1039/C4TA02071E},
	issn = {2050-7488},
	journal = {The Royal Society of Chemistry},
	pages = {1-3},
	publisher = {Royal Society of Chemistry},
	title = {Recent Advances in the Potential Applications of Bioinspired Superhydrophobic Materials},
	url = {http://dx.doi.org/10.1039/C4TA02071E},
	volume = 00,
	year = 2013
}

@article{Deen1983Modelling,
	author = {van Deen, J.K. and Reintsema, S.R.},
	booktitle = {Applied Mathematical Modelling},
	doi = {10.1016/0307-904X(83)90080-X},
	issn = {0307904X},
	journal = {Applied Mathematical Modelling},
	keywords = {control systems,gas flow,gas pipelines,lines,mathematical,model},
	number = 4,
	pages = {268-273},
	title = {Modelling of high-pressure gas transmission lines},
	volume = 7,
	year = 1983
}

@article{Dorao2011Simulation,
	author = {Dorao, C. A. and Fernandino, M.},
	booktitle = {Journal of Natural Gas Science and Engineering},
	doi = {10.1016/j.jngse.2011.01.004},
	issn = 18755100,
	journal = {Journal of Natural Gas Science and Engineering},
	keywords = {Least squares method,Natural gas,Space-time formulation},
	number = 1,
	pages = {349-355},
	publisher = {Elsevier B.V.},
	title = {Simulation of transients in natural gas pipelines},
	url = {http://dx.doi.org/10.1016/j.jngse.2011.01.004},
	volume = 3,
	year = 2011
}

@article{Dou2014AntiIcing,
	author = {Dou, Renmei and Chen, Jing and Zhang, Yifan and Wang, Xupeng and Cui, Dapeng and Song, Yanlin and Jiang, Lei and Wang, Jianjun},
	booktitle = {ACS Applied Materials and Interfaces},
	doi = {10.1021/am501252u},
	issn = 19448252,
	journal = {ACS Applied Materials and Interfaces},
	keywords = {anti-icing coating,aqueous lubricating layer,hydrophilic component,low ice adhesion,robustness and durability},
	number = 10,
	pages = {6998-7003},
	title = {Anti-icing coating with an aqueous lubricating layer},
	volume = 6,
	year = 2014
}

@article{Dranchuk1973Computer,
	author = {Dranchuk, P. M. and Purvis, R. A. and Robinson, D. B.},
	booktitle = {Petroleum Society of CIM},
	journal = {Petroleum Society of CIM},
	title = {Computer Calculation of Natural Gas Compressibility Factors Using the Standing and Katz Correlation},
	year = 1973
}

@article{Dranchuk1975Calculation,
	author = {Dranchuk, P. M. and Abou-Kassem, J. H.},
	booktitle = {Journal of Canadian Petroleum Technology},
	doi = {10.2118/75-03-03},
	issn = 00219487,
	journal = {Journal of Canadian Petroleum Technology},
	number = 3,
	pages = {34-36},
	title = {Calculation of Z Factors for Natural Gases Using Equations of State.},
	volume = 14,
	year = 1975
}

@article{Duan2009Turbulent,
	author = {Duan, Huan-Feng and Brunone, Bruno and Meniconi, Silvia and Ferrante, Marco and Pothof, Ivo},
	booktitle = {Journal of Hydraulic Research},
	doi = {10.1080/00221686.2009.9522063},
	journal = {Journal of Hydraulic Research},
	number = 6,
	pages = {824-829},
	title = {A turbulent approach to unsteady friction - Discussion},
	volume = 47,
	year = 2009
}

@book{Earnshaw1991Fundamental,
	author = {Earnshaw, Rae A.},
	pages = 1019,
	publisher = {Springer-Verlag},
	title = {Fundamental Algorithms for Computer Graphics},
	year = 1991
}

@article{Epstein2012From,
	author = {Epstein, a. K. and Wong, T.-S. and Belisle, R. a. and Boggs, E. M. and Aizenberg, J.},
	booktitle = {Proceedings of the National Academy of Sciences},
	doi = {10.1073/pnas.1201973109},
	issn = {0027-8424},
	journal = {Proceedings of the National Academy of Sciences},
	number = 33,
	pages = {13182-13187},
	title = {From the Cover: Liquid-infused structured surfaces with exceptional anti-biofouling performance},
	volume = 109,
	year = 2012
}

@article{Errington2001Relationships,
	author = {Errington, Jeffrey R. and Debenedetti, Pablo G.},
	booktitle = {Nature},
	journal = {Nature},
	number = {January},
	pages = {318-321},
	title = {Relationships between structural order and the anomalies of liquid water},
	volume = 409,
	year = 2001
}

@article{Fan2013Rescaled,
	author = {Fan, Jie},
	booktitle = {Research Journal of Applied Sciences, Engineering and Technology},
	journal = {Research Journal of Applied Sciences, Engineering and Technology},
	keywords = {binomial multifractal model,fourier transform method,hurst exponent,rescaled range analysis,traffic},
	number = 18,
	pages = {4489-4492},
	title = {Rescaled Range Analysis in Higher Dimensions},
	url = {http://www.maxwellsci.com/print/rjaset/v5-4489-4492.pdf},
	urldate = {2014-02-05},
	volume = 5,
	year = 2013
}

@article{Fern2007Measuring,
	author = {Fern, Jared T and Keffer, David J and Steele, William V},
	booktitle = {The journal of physical chemistry. B},
	doi = {10.1021/jp0674470},
	issn = {1520-6106},
	journal = {The journal of physical chemistry. B},
	month = 4,
	number = 13,
	pages = {3469-75},
	title = {Measuring coexisting densities from a two-phase molecular dynamics simulation by voronoi tessellations.},
	url = {http://www.ncbi.nlm.nih.gov/pubmed/17388481},
	volume = 111,
	year = 2007
}

@article{Fillion2014Review,
	author = {Fillion, R. M. and Riahi, a. R. and Edrisy, a.},
	booktitle = {Renewable and Sustainable Energy Reviews},
	doi = {10.1016/j.rser.2014.01.015},
	issn = 13640321,
	journal = {Renewable and Sustainable Energy Reviews},
	keywords = {Coating,Hydrophobic,Icephobic,Icing,Self-cleaning,Solar energy,Surface engineering,Transparent},
	pages = {797-809},
	publisher = {Elsevier},
	title = {A review of icing prevention in photovoltaic devices by surface engineering},
	url = {http://dx.doi.org/10.1016/j.rser.2014.01.015},
	volume = 32,
	year = 2014
}

@article{Fournier1982Computer,
	author = {Fournier, Alain and Fussell, Don and Carpenter, Loren},
	booktitle = {Communications of the ACM},
	journal = {Communications of the ACM},
	number = 6,
	pages = {371-384},
	title = {Computer rendering of stochastic models},
	volume = 25,
	year = 1982
}

@article{Ghedan1993Compressibility,
	author = {Ghedan, Shawket G. and Aljawad, Mohammed S. and Poettmann, Fred H.},
	booktitle = {Journal of Petroleum Science and Engineering},
	doi = {10.1016/0920-4105(93)90038-G},
	issn = 00219487,
	journal = {Journal of Petroleum Science and Engineering},
	pages = {157-162},
	title = {Compressibility of natural gases},
	volume = 10,
	year = 1993
}

@article{Gu2006Detrended,
	annote = {Generalizes the one-dimensional DFA method to higher-dimensions. Explicitly writes the algorithm for 2d DFA, which could be very useful -- if I figure out how to implement it!{	extless}m:linebreak{	extgreater}{	extless}/m:linebreak{	extgreater} {	extless}m:linebreak{	extgreater}{	extless}/m:linebreak{	extgreater}Have sent an email to the author (wxzhou@moho.ess.ucla.edu) asking for the source code. -- Update: {	extless}m:bold{	extgreater}This email could not be sent{	extless}/m:bold{	extgreater}...},
	author = {Gu, Gao-Feng and Zhou, Wei-Xing},
	booktitle = {Physical Review E},
	doi = {10.1103/PhysRevE.74.061104},
	issn = {1539-3755},
	journal = {Physical Review E},
	month = 12,
	note = {Generalizes the one-dimensional DFA method to higher-dimensions. Explicitly writes the algorithm for 2d DFA, which could be very useful -- if I figure out how to implement it!{	extless}m:linebreak{	extgreater}{	extless}/m:linebreak{	extgreater} {	extless}m:linebreak{	extgreater}{	extless}/m:linebreak{	extgreater}Have sent an email to the author (wxzhou@moho.ess.ucla.edu) asking for the source code. -- Update: {	extless}m:bold{	extgreater}This email could not be sent{	extless}/m:bold{	extgreater}...},
	number = 6,
	pages = 061104,
	title = {Detrended fluctuation analysis for fractals and multifractals in higher dimensions},
	url = {http://link.aps.org/doi/10.1103/PhysRevE.74.061104},
	urldate = {2014-02-05},
	volume = 74,
	year = 2006
}

@article{Gu2010Detrending,
	annote = {Implements Carbone\&\#039;s DMA algorithm.},
	author = {Gu, Gao-Feng and Zhou, Wei-Xing},
	booktitle = {Physical Review E},
	doi = {10.1103/PhysRevE.82.011136},
	institution = {School of Business, East China University of Science and Technology, Shanghai 200237, China.},
	journal = {Physical Review E},
	month = 5,
	note = {Implements Carbone\&\#039;s DMA algorithm.},
	number = 1,
	pages = 011136,
	school = {School of Business, East China University of Science and Technology, Shanghai 200237, China.},
	title = {Detrending moving average algorithm for multifractals.},
	url = {http://arxiv.org/abs/1005.0877},
	urldate = {2014-02-05},
	volume = 82,
	year = 2010
}

@article{Harris1987Comment,
	author = {Harris, Jonathan and Rice, Stuart a.},
	booktitle = {The Journal of Chemical Physics},
	doi = {10.1063/1.452499},
	issn = 00219606,
	journal = {The Journal of Chemical Physics},
	number = 10,
	pages = 5731,
	title = {Comment on the pair correlation function in an inhomogeneous liquid: A test of the Fischer approximation},
	url = {http://scitation.aip.org/content/aip/journal/jcp/86/10/10.1063/1.452499},
	urldate = {2014-03-13},
	volume = 86,
	year = 1987
}

@article{Helgaker2012Coupling,
	author = {Helgaker, Jan Fredrik and Ytrehus, Tor},
	booktitle = {Energy Procedia},
	doi = {10.1016/j.egypro.2012.06.013},
	issn = 18766102,
	journal = {Energy Procedia},
	keywords = {1D unsteady flow,Natural gas pipelines,Simulations and models},
	pages = {82-89},
	title = {Coupling between continuity/momentum and energy equation in 1D gas flow},
	volume = 26,
	year = 2012
}

@inproceedings{Helgaker2012Implicit,
	author = {Helgaker, Jan Fredrik},
	booktitle = {First ECCOMAS Young Investigators Conference},
	journal = {First ECCOMAS Young Investigators Conference},
	keywords = {cfd,numerical methods,unsteady compressible 1d flow},
	number = {April},
	pages = {24-27},
	title = {An implicit method for 1D unsteady flow in a high pressure transmission pipeline},
	year = 2012
}

@phdthesis{Helgaker2013Modeling,
	author = {Helgaker, Jan Fredrik},
	number = {August},
	title = {Modeling Transient Flow in Long Distance Offshore Natural Gas Pipelines},
	year = 2013
}

@inproceedings{Helgaker2013Transmission,
	address = {Trondheim},
	author = {Helgaker, Jan Fredrik and Oosterkamp, Antonie and Ytrehus, Tor},
	booktitle = {MekIT'13 Seventh National Conference on Computational Mechanics},
	journal = {MekIT'13 Seventh National Conference on Computational Mechanics},
	pages = {113-131},
	title = {Transmission of Natural Gas through Offshore Pipelines - Effect of unsteady heat transfer model},
	year = 2013
}

@article{Helgaker2014Transient,
	author = {Helgaker, Jan Fredrik and Müller, Bernhard and Ytrehus, Tor},
	booktitle = {Journal of Offshore Mechanics and Arctic Engineering},
	doi = {10.1115/1.4026848},
	issn = {0892-7219},
	journal = {Journal of Offshore Mechanics and Arctic Engineering},
	number = 3,
	pages = 031701,
	title = {Transient Flow in Natural Gas Pipelines Using Implicit Finite Difference Schemes},
	url = {http://offshoremechanics.asmedigitalcollection.asme.org/article.aspx?doi=10.1115/1.4026848},
	volume = 136,
	year = 2014
}

@article{Helgaker2014Transienta,
	author = {Helgaker, Jan Fredrik and Bernhard, Müller and Ytrehus, Tor},
	booktitle = {J. Offshore Mech. Arct. Eng.},
	journal = {J. Offshore Mech. Arct. Eng.},
	number = 3,
	title = {Transient Flow in Natural Gas Pipelines using Implicit Finite Difference Schemes},
	volume = 136,
	year = 2014
}

@article{Helgaker2014Validation,
	author = {Helgaker, Jan Fredrik and Oosterkamp, Antonie and Langelandsvik, Leif Idar and Ytrehus, Tor},
	booktitle = {Journal of Natural Gas Science and Engineering},
	doi = {10.1016/j.jngse.2013.11.001},
	issn = 18755100,
	journal = {Journal of Natural Gas Science and Engineering},
	keywords = {Compressible flow,Equation of state,Friction factor,Heat transfer model,Offshore pipelines,Transportation},
	pages = {44-56},
	publisher = {Elsevier B.V},
	title = {Validation of 1D flow model for high pressure offshore natural gas pipelines},
	url = {http://dx.doi.org/10.1016/j.jngse.2013.11.001},
	volume = 16,
	year = 2014
}

@article{Helgaker2014Validationa,
	author = {Helgaker, Jan Fredrik and Oosterkamp, Antonie and Langelandsvik, Leif Idar and Ytrehus, Tor},
	booktitle = {Journal of Natural Gas Science and Engineering},
	doi = {10.1016/j.jngse.2013.11.001},
	issn = 18755100,
	journal = {Journal of Natural Gas Science and Engineering},
	keywords = {Compressible flow,Equation of state,Friction factor,Heat transfer model,Offshore pipelines,Transportation},
	pages = {44-56},
	title = {Validation of 1D flow model for high pressure offshore natural gas pipelines},
	volume = 16,
	year = 2014
}

@article{Helgaker????Energy,
	author = {Helgaker, Jan Fredrik and Ytrehus, Tor},
	issn = 07365721,
	title = {Energy equation in 1D gas pipeline flow - effect of turbulent dissipation}
}

@article{Heydari2013Hydrophobic,
	author = {Heydari, Golrokh and Thormann, Esben and Ja, Mikael and Tyrode, Eric and Claesson, Per M},
	title = {Hydrophobic Surfaces : Topography E ff ects on Wetting by Supercooled Water and Freezing Delay},
	year = 2013
}

@article{Hoover1985Canonical,
	author = {Hoover, William G.},
	booktitle = {Physical Review A},
	journal = {Physical Review A},
	number = 3,
	pages = {1695-1697},
	title = {Canonical dynamics: equilibrium phase-space distributions},
	url = {http://pra.aps.org/abstract/PRA/v31/i3/p1695_1},
	urldate = {2014-04-28},
	volume = 31,
	year = 1985
}

@article{Hoover1986ConstantPressure,
	author = {Hoover, William G.},
	booktitle = {Physical Review A},
	journal = {Physical Review A},
	number = 3,
	pages = {4-5},
	title = {Constant-pressure equations of motion},
	url = {http://www.williamhoover.info/Scans1980s/1986-5.pdf},
	urldate = {2014-05-24},
	volume = 34,
	year = 1986
}

@article{Hwang????On,
	author = {Hwang, Jin-Tsong and Shih, Tian-Yuan},
	keywords = {Brownian Motion,Fractal Dimension,Fractal Geometry},
	title = {On the Characteristics of Simulated Terrain Using The Successive Random Addition Midpoint Displacement Method}
}

@misc{Issa2006Unsteady,
	author = {Issa, R. I. and Spalding, D. B.},
	booktitle = {Journal of Mechanical Engineering Science},
	doi = {10.1243/JMES\_JOUR\_1972\_014\_045\_02},
	issn = {0022-2542},
	journal = {Journal of Mechanical Engineering Science},
	number = 6,
	pages = {365-369},
	title = {Unsteady one-dimensional compressible frictional flow with heat transfer},
	volume = 14,
	year = 2006
}

@article{Jones1924On,
	author = {Lennard-Jones, J. E.},
	booktitle = {Proceedings of the Royal Society A: Mathematical, Physical and Engineering Sciences},
	doi = {10.1098/rspa.1924.0082},
	issn = {1364-5021},
	journal = {Proceedings of the Royal Society A: Mathematical, Physical and Engineering Sciences},
	month = 10,
	number = 738,
	pages = {463-477},
	title = {On the Determination of Molecular Fields. II. From the Equation of State of a Gas},
	url = {http://rspa.royalsocietypublishing.org/cgi/doi/10.1098/rspa.1924.0082},
	urldate = {2014-03-24},
	volume = 106,
	year = 1924
}

@article{Jones1996Wavelet,
	author = {Jones, C. L. and Lonergan, G. T. and Mainwaring, D. E.},
	booktitle = {Journal of Physics A: Mathematical and General},
	journal = {Journal of Physics A: Mathematical and General},
	number = 10,
	pages = {2509-2527},
	title = {Wavelet packet computation of the Hurst exponent},
	volume = 29,
	year = 1996
}

@article{Jung2011Are,
	author = {Jung, Stefan and Dorrestijn, Marko and Raps, Dominik and Das, Arindam and Megaridis, Constantine M. and Poulikakos, Dimos},
	booktitle = {Langmuir},
	doi = {10.1021/la104762g},
	issn = 07437463,
	journal = {Langmuir},
	number = 6,
	pages = {3059-3066},
	title = {Are superhydrophobic surfaces best for icephobicity?},
	volume = 27,
	year = 2011
}

@article{Kassem1990Computer,
	author = {Abou-Kassem, J. H. and Mattar, L. and Dranchuk, P. M.},
	booktitle = {Journal of Canadian Petroleum Technology},
	journal = {Journal of Canadian Petroleum Technology},
	number = 5,
	pages = 105,
	title = {Computer calculations of compressibility of natural gas},
	volume = 29,
	year = 1990
}

@article{Kim2012LiquidInfused,
	author = {Kim, Philseok and Wong, Tak Sing and Alvarenga, Jack and Kreder, Michael J. and Adorno-Martinez, Wilmer E. and Aizenberg, Joanna},
	booktitle = {ACS Nano},
	doi = {10.1021/nn302310q},
	issn = 19360851,
	journal = {ACS Nano},
	keywords = {anti-frost surfaces,electrodeposition,nanostructured coating,slippery liquid-infused porous surface},
	number = 8,
	pages = {6569-6577},
	title = {Liquid-infused nanostructured surfaces with extreme anti-ice and anti-frost performance},
	volume = 6,
	year = 2012
}

@article{Kiuchi1993Implicit,
	author = {Kiuchi, Tatsuhiko},
	booktitle = {Transactions of the Japan Society of Mechanical Engineers Series B},
	doi = {10.1299/kikaib.59.403},
	issn = {0387-5016},
	journal = {Transactions of the Japan Society of Mechanical Engineers Series B},
	keywords = {1,an,compressible flow,design of petrochemical plants,fluid transients,hydraulic,i n t r,implicit method,important role in the,o d u c,pipeline,t i o n,the numerical calculation of,unsteady pipe flow plays},
	number = 558,
	pages = {403-410},
	title = {An Implicit Method for Transient Flow in Pipe Networks.},
	volume = 59,
	year = 1993
}

@article{Kulinich2009Ice,
	author = {Kulinich, S. a. and Farzaneh, M.},
	booktitle = {Applied Surface Science},
	doi = {10.1016/j.apsusc.2009.05.033},
	issn = 01694332,
	journal = {Applied Surface Science},
	keywords = {Contact angle hysteresis,Hydrophobicity,Ice adhesion,Shear stress},
	number = 18,
	pages = {8153-8157},
	title = {Ice adhesion on super-hydrophobic surfaces},
	volume = 255,
	year = 2009
}

@article{Kulinich2011Superhydrophobic,
	author = {Kulinich, S. a. and Farhadi, S. and Nose, K. and Du, X. W.},
	booktitle = {Langmuir},
	doi = {10.1021/la104277q},
	issn = 07437463,
	journal = {Langmuir},
	number = 1,
	pages = {25-29},
	title = {Superhydrophobic surfaces: Are they really ice-repellent?},
	volume = 27,
	year = 2011
}

@article{Kumar2009Tetrahedral,
	author = {Kumar, Pradeep and Buldyrev, Sergey V and Stanley, H Eugene},
	booktitle = {Proceedings of the National Academy of Sciences of the United States of America},
	doi = {10.1073/pnas.0911094106},
	issn = {1091-6490},
	journal = {Proceedings of the National Academy of Sciences of the United States of America},
	month = 12,
	number = 52,
	pages = {22130-4},
	title = {A tetrahedral entropy for water.},
	url = {http://www.pubmedcentral.nih.gov/articlerender.fcgi?artid=2793315&tool=pmcentrez&rendertype=abstract},
	volume = 106,
	year = 2009
}

@article{Lacasa2009Visibility,
	author = {Lacasa, L. and Luque, B. and Luque, J. and Nuño, J. C.},
	booktitle = {EPL (Europhysics Letters)},
	doi = {10.1209/0295-5075/86/30001},
	issn = {0295-5075},
	journal = {EPL (Europhysics Letters)},
	month = 5,
	number = 3,
	pages = 30001,
	title = {The visibility graph: A new method for estimating the Hurst exponent of fractional Brownian motion},
	url = {http://stacks.iop.org/0295-5075/86/i=3/a=30001?key=crossref.8f2a3ce81fb96f21bf27c51dd9230c29},
	urldate = {2014-02-13},
	volume = 86,
	year = 2009
}

@misc{Langelandsvik2009Accurate,
	author = {Langelandsvik, Leif Idar and Postvoll, Willy and Aarhus, Britt and Kaste, Kristin Kinn},
	keywords = {ambient temperature,friction,natural gas,operational data,pipeline capacity},
	title = {Accurate calculation of pipeline transport capacity},
	year = 2009
}

@phdthesis{Lardhi2013SilicaWater,
	author = {Lardhi, Sheikha Faisal},
	institution = {King Abdullah University of Science and Technology, Thuwal},
	pages = 74,
	school = {King Abdullah University of Science and Technology, Thuwal},
	title = {The Silica-Water Interface from the Analysis of Molecular Dynamic Simulations},
	year = 2013
}

@article{Lickiss1995Synthesis,
	author = {Lickiss, Paul D.},
	booktitle = {Advances in Inorganic Chemistry},
	journal = {Advances in Inorganic Chemistry},
	pages = {147-262},
	title = {The synthesis and structure of organosilanols},
	volume = 42,
	year = 1995
}

@article{Lopes2009Fractal,
	author = {Lopes, R and Betrouni, N},
	booktitle = {Medical image analysis},
	doi = {10.1016/j.media.2009.05.003},
	issn = {1361-8423},
	journal = {Medical image analysis},
	keywords = {Algorithms,Artificial Intelligence,Fractals,Image Enhancement,Image Enhancement: methods,Image Interpretation, Computer-Assisted,Image Interpretation, Computer-Assisted: methods,Imaging, Three-Dimensional,Imaging, Three-Dimensional: methods,Pattern Recognition, Automated,Pattern Recognition, Automated: methods,Reproducibility of Results,Sensitivity and Specificity},
	month = 8,
	number = 4,
	pages = {634-49},
	publisher = {Elsevier B.V.},
	title = {Fractal and multifractal analysis: a review.},
	url = {http://www.ncbi.nlm.nih.gov/pubmed/19535282},
	urldate = {2014-01-23},
	volume = 13,
	year = 2009
}

@misc{Luskin1979Approximation,
	author = {Luskin, Mitchell},
	booktitle = {SIAM Journal on Numerical Analysis},
	doi = {10.1137/0716011},
	issn = {0036-1429},
	journal = {SIAM Journal on Numerical Analysis},
	number = 1,
	pages = {145-164},
	title = {An Approximation Procedure for Nonsymmetric, Nonlinear Hyperbolic Systems with Integral Boundary Conditions},
	volume = 16,
	year = 1979
}

@article{Mack2011Fifty,
	author = {Mack, Chris A.},
	booktitle = {IEEE Transactions on Semiconductor Manufacturing},
	doi = {10.1109/TSM.2010.2096437},
	issn = {0894-6507},
	journal = {IEEE Transactions on Semiconductor Manufacturing},
	month = 5,
	number = 2,
	pages = {202-207},
	title = {Fifty Years of Moore's Law},
	url = {http://ieeexplore.ieee.org/lpdocs/epic03/wrapper.htm?arnumber=5696765},
	volume = 24,
	year = 2011
}

@article{Mandelbrot1982Comment,
	author = {Mandelbrot, Benoit B. and Fournier, Alan and Fussel, Don and Carpenter, Loren},
	booktitle = {Communications of the ACM},
	journal = {Communications of the ACM},
	number = 8,
	pages = {581-584},
	title = {Comment on Computer Rendering of Fratal Stochastic Models and Authors' Reply},
	volume = 25,
	year = 1982
}

@article{Martyna1992NoseHoover,
	author = {Martyna, Glenn J. and Klein, Michael L. and Tuckerman, Mark},
	booktitle = {The Journal of Chemical Physics},
	doi = {10.1063/1.463940},
	issn = 00219606,
	journal = {The Journal of Chemical Physics},
	number = 4,
	pages = 2635,
	title = {Nosé-Hoover chains: The canonical ensemble via continuous dynamics},
	url = {http://scitation.aip.org/content/aip/journal/jcp/97/4/10.1063/1.463940},
	urldate = {2014-05-24},
	volume = 97,
	year = 1992
}

@article{Martyna1996Explicit,
	author = {Martyna, Glenn J. and Tuckerman, Mark E. and Tobias, Douglas J. and Klein, Michael L.},
	booktitle = {Molecular Physics},
	doi = {10.1080/00268979600100761},
	issn = {0026-8976},
	journal = {Molecular Physics},
	month = 4,
	number = 5,
	pages = {1117-1157},
	title = {Explicit reversible integrators for extended systems dynamics},
	url = {http://www.tandfonline.com/doi/abs/10.1080/00268979600100761},
	urldate = {2014-02-18},
	volume = 87,
	year = 1996
}

@article{Meuler2010Relationships,
	author = {Meuler, Adam J. and Smith, J. David and Varanasi, Kripa K. and Mabry, Joseph M. and McKinley, Gareth H. and Cohen, Robert E.},
	booktitle = {ACS Applied Materials and Interfaces},
	doi = {10.1021/am1006035},
	issn = 19448244,
	journal = {ACS Applied Materials and Interfaces},
	keywords = {contact angle,fluoro POSS,hydrophobic,ice adhesion,icephobic,water wettability},
	number = 11,
	pages = {3100-3110},
	title = {Relationships between water wettability and ice adhesion},
	volume = 2,
	year = 2010
}

@article{Mielniczuk2007Estimation,
	author = {Mielniczuk, J. and Wojdyłło, P.},
	booktitle = {Computational Statistics \& Data Analysis},
	doi = {10.1016/j.csda.2006.07.033},
	issn = 01679473,
	journal = {Computational Statistics \& Data Analysis},
	keywords = {detrended fluctuation analysis,dfa,estimator,hurst exponent,long-range dependence,r,rescaled adjusted range statistic,s,scaling property,wavelet estimator},
	month = 5,
	number = 9,
	pages = {4510-4525},
	title = {Estimation of Hurst exponent revisited},
	url = {http://linkinghub.elsevier.com/retrieve/pii/S0167947306002337},
	urldate = {2014-02-13},
	volume = 51,
	year = 2007
}

@article{Miller1986Definition,
	author = {Miller, Gavin S. P.},
	booktitle = {SIGGRAPH},
	journal = {SIGGRAPH},
	keywords = {computer graphics,fractals,height fields,parallel algorithms,scanline algorithms,terrain},
	number = 4,
	pages = {39-48},
	title = {The Definition and Rendering of Terrain Maps},
	volume = 20,
	year = 1986
}

@article{Mu1988Studies,
	author = {Mu, ZQ and Lung, CW},
	booktitle = {Journal of Physics D: Applied Physics},
	journal = {Journal of Physics D: Applied Physics},
	pages = 848,
	title = {Studies on the fractal dimension and fracture toughness of steel},
	url = {http://iopscience.iop.org/0022-3727/21/5/031},
	urldate = {2014-05-19},
	volume = 21,
	year = 1988
}

@article{Nosonovsky2011Materials,
	author = {Nosonovsky, Michael},
	booktitle = {Nature},
	doi = {10.1038/477412a},
	issn = {0028-0836},
	journal = {Nature},
	number = 7365,
	pages = {412-413},
	title = {Materials science: Slippery when wetted},
	volume = 477,
	year = 2011
}

@misc{Osiadacz2001Comparison,
	author = {Osiadacz, Andrzej and Chaczykowski, Maciej},
	title = {Comparison of isothermal and non-isothermal transient models},
	year = 2001
}

@article{Osiadacz2001Comparisona,
	author = {Osiadacz, Andrzej J. and Chaczykowski, Maciej},
	booktitle = {Chemical Engineering Journal},
	doi = {10.1016/S1385-8947(00)00194-7},
	issn = 13858947,
	journal = {Chemical Engineering Journal},
	keywords = {Gas flow,Gas networks,Mathematical modeling,Simulation},
	number = {1-3},
	pages = {41-51},
	title = {Comparison of isothermal and non-isothermal pipeline gas flow models},
	volume = 81,
	year = 2001
}

@article{Peng1994Mosaic,
	annote = {First to propose DFA},
	author = {Peng, C.-K. and Buldyrev, S. V. and Havlin, S. and Simons, M. and Stanley, H. E. and Goldberger, A. L.},
	booktitle = {Physical Review E},
	journal = {Physical Review E},
	note = {First to propose DFA},
	number = 2,
	pages = {1685-1689},
	title = {Mosaic organization of DNA nucleotides},
	url = {http://medcontent.metapress.com/index/A65RM03P4874243N.pdf,http://pre.aps.org/abstract/PRE/v49/i2/p1685_1},
	urldate = {2014-02-12},
	volume = 49,
	year = 1994
}

@article{Peng1995Quantification,
	annote = {From creator(s) of DFA. Contains detailed description of DFA algorithm.},
	author = {Peng, CK and Havlin, Shlomo and Stanley, H. Eugene and Goldberger, Ary L.},
	booktitle = {Chaos: An Interdisciplinary Journal of Nonlinear Science},
	doi = {http://dx.doi.org/10.1063/1.166141},
	journal = {Chaos: An Interdisciplinary Journal of Nonlinear Science},
	note = {From creator(s) of DFA. Contains detailed description of DFA algorithm.},
	number = 1,
	pages = {82-87},
	title = {Quantification of scaling exponents and crossover phenomena in nonstationary heartbeat time series},
	url = {http://scitation.aip.org/content/aip/journal/chaos/5/1/10.1063/1.166141},
	urldate = {2014-02-12},
	volume = 5,
	year = 1995
}

@article{Ping2001States,
	author = {Ping, Z. H. and Nguyen, Q. T. and Chen, S. M. and Zhou, J. Q. and Ding, Y. D.},
	booktitle = {Polymer},
	doi = {10.1016/S0032-3861(01)00358-5},
	issn = 00323861,
	journal = {Polymer},
	keywords = {Hydrogen bond,Hydrophilic polymer,Water},
	number = 20,
	pages = {8461-8467},
	title = {States of water in different hydrophilic polymers - DSC and FTIR studies},
	volume = 42,
	year = 2001
}

@article{Pothof2008Turbulent,
	author = {Pothof, Ivo},
	booktitle = {Journal of Hydraulic Research},
	doi = {10.3826/jhr.2008.2975},
	journal = {Journal of Hydraulic Research},
	keywords = {damping,pipe flow,turbulence,unsteady flow,wall friction},
	number = 5,
	pages = {679-690},
	title = {A turbulent approach to unsteady friction},
	volume = 46,
	year = 2008
}

@article{Ramirez2008Performance,
	author = {Alvarez-Ramirez, Jose and Echeverria, Juan C. and Rodriguez, Eduardo},
	booktitle = {Physica A: Statistical Mechanics and its Applications},
	doi = {10.1016/j.physa.2008.08.014},
	issn = 03784371,
	journal = {Physica A: Statistical Mechanics and its Applications},
	month = 11,
	number = 26,
	pages = {6452-6462},
	title = {Performance of a high-dimensional R/S method for Hurst exponent estimation},
	url = {http://linkinghub.elsevier.com/retrieve/pii/S0378437108007140},
	urldate = {2014-02-12},
	volume = 387,
	year = 2008
}

@inproceedings{Ramsen2009Important,
	address = {Galveston, Texas},
	author = {Ramsen, Joakim and Langelandsvik, Leif Idar and Simonsen, Are J. and Postvoll, Willy},
	booktitle = {Pipeline Simulation Interest Group},
	journal = {Pipeline Simulation Interest Group},
	number = 1,
	pages = {1-17},
	title = {Important Aspects of Gas Temperature Modeling in Long Subsea Pipelines},
	year = 2009
}

@article{Renard2013Constant,
	author = {Renard, François and Candela, Thibault and Bouchaud, Elisabeth},
	booktitle = {Geophysical Research Letters},
	doi = {10.1029/2012GL054143},
	issn = 00948276,
	journal = {Geophysical Research Letters},
	month = 1,
	number = 1,
	pages = {83-87},
	title = {Constant dimensionality of fault roughness from the scale of micro-fractures to the scale of continents},
	url = {http://doi.wiley.com/10.1029/2012GL054143},
	urldate = {2014-06-07},
	volume = 40,
	year = 2013
}

@article{Rycroft2009Voro,
	author = {Rycroft, Chris H},
	booktitle = {Chaos: An Interdisciplinary Journal of Nonlinear Science},
	doi = {10.1063/1.3215722},
	issn = {1089-7682},
	journal = {Chaos: An Interdisciplinary Journal of Nonlinear Science},
	keywords = {Algorithms,Computer Graphics,Computer Simulation,Models,Nonlinear Dynamics,Oscillometry,Oscillometry: methods,Programming Languages,Software,Statistical,User-Computer Interface},
	month = 12,
	number = 4,
	pages = 041111,
	title = {VORO++: A three-dimensional voronoi cell library in C++},
	url = {http://www.ncbi.nlm.nih.gov/pubmed/20059195},
	urldate = {2014-05-12},
	volume = 19,
	year = 2009
}

@incollection{Saupe1988Algorithms,
	address = {New York, NY, USA},
	author = {Saupe, Dietmar},
	booktitle = {The science of fractal images},
	chapter = 2,
	journal = {The science of fractal images},
	pages = {71-136},
	publisher = {Springer-Verlag New York, Inc.},
	title = {Algorithms for random fractals},
	url = {http://link.springer.com/chapter/10.1007/978-1-4612-3784-6_2},
	urldate = {2014-02-05},
	year = 1988
}

@article{Shao2012Comparing,
	author = {Shao, Ying-Hui and Gu, Gao-Feng and Jiang, Zhi-Qiang and Zhou, Wei-Xing and Sornette, Didier},
	booktitle = {Scientific reports},
	doi = {10.1038/srep00835},
	issn = {2045-2322},
	journal = {Scientific reports},
	month = 1,
	pages = 835,
	title = {Comparing the performance of FA, DFA and DMA using different synthetic long-range correlated time series.},
	url = {http://www.pubmedcentral.nih.gov/articlerender.fcgi?artid=3495288&tool=pmcentrez&rendertype=abstract},
	urldate = {2014-02-02},
	volume = 2,
	year = 2012
}

@article{Shekhar2013Nanobubble,
	author = {Shekhar, Adarsh and Nomura, Ken-ichi and Kalia, Rajiv K. and Nakano, Aiichiro and Vashishta, Priya},
	booktitle = {Physical Review Letters},
	doi = {10.1103/PhysRevLett.111.184503},
	issn = {0031-9007},
	journal = {Physical Review Letters},
	month = 10,
	number = 18,
	pages = 184503,
	title = {Nanobubble Collapse on a Silica Surface in Water: Billion-Atom Reactive Molecular Dynamics Simulations},
	url = {http://link.aps.org/doi/10.1103/PhysRevLett.111.184503,http://prl.aps.org/abstract/PRL/v111/i18/e184503},
	urldate = {2014-02-05},
	volume = 111,
	year = 2013
}

@article{Shekhar2013Supplemental,
	author = {Shekhar, Adarsh and Nomura, Ken-ichi and Kalia, Rajiv K. and Nakano, Aiichiro and Vashishta, Priya},
	booktitle = {Physical Review Letters},
	journal = {Physical Review Letters},
	number = 18,
	title = {Supplemental Material to Nanobubble Collapse on a Silica Surface in Water},
	volume = 111,
	year = 2013
}

@article{Shuichi1984Unified,
	author = {Nosé, Shuichi},
	booktitle = {The Journal of Chemical Physics},
	doi = {10.1063/1.447334},
	issn = 00219606,
	journal = {The Journal of Chemical Physics},
	number = 1,
	pages = 511,
	title = {A unified formulation of the constant temperature molecular dynamics methods},
	url = {http://scitation.aip.org/content/aip/journal/jcp/81/1/10.1063/1.447334},
	urldate = {2014-03-24},
	volume = 81,
	year = 1984
}

@article{Simonsen1998Determination,
	author = {Simonsen, Ingve and Hansen, Alex and Nes, Olav},
	booktitle = {Physical Review E},
	doi = {10.1103/PhysRevE.58.2779},
	issn = {1063-651X},
	journal = {Physical Review E},
	month = 9,
	number = 3,
	pages = {2779-2787},
	title = {Determination of the Hurst exponent by use of wavelet transforms},
	url = {http://link.aps.org/doi/10.1103/PhysRevE.58.2779},
	volume = 58,
	year = 1998
}

@article{Smith2013Droplet,
	author = {Smith, J David and Dhiman, Rajeev and Anand, Sushant and Reza-Garduno, Ernesto and Cohen, Robert E and McKinley, Gareth H and Varanasi, Kripa K},
	booktitle = {Soft Matter},
	doi = {10.1039/c2sm27032c},
	issn = {1744-683X},
	journal = {Soft Matter},
	number = 6,
	pages = {1772-1780},
	title = {Droplet mobility on lubricant-impregnated surfaces},
	url = {http://dx.doi.org/10.1039/C2SM27032C},
	volume = 9,
	year = 2013
}

@article{Stone2012IcePhobic,
	author = {Stone, Howard a.},
	booktitle = {ACS Nano},
	doi = {10.1021/nn303372q},
	issn = 19360851,
	journal = {ACS Nano},
	number = 8,
	pages = {6536-6540},
	title = {Ice-phobic surfaces that are wet},
	volume = 6,
	year = 2012
}

@article{Stukowski2010Visualization,
	author = {Stukowski, Alexander},
	booktitle = {Modelling and Simulation in Materials Science and Engineering},
	doi = {10.1088/0965-0393/18/1/015012},
	issn = {0965-0393},
	journal = {Modelling and Simulation in Materials Science and Engineering},
	month = 1,
	number = 1,
	pages = 015012,
	title = {Visualization and analysis of atomistic simulation data with OVITO-the Open Visualization Tool},
	url = {http://stacks.iop.org/0965-0393/18/i=1/a=015012?key=crossref.6895e2c3bb522d1563fb2e2fe9f22789},
	urldate = {2014-05-26},
	volume = 18,
	year = 2010
}

@article{Subramanyam2013Ice,
	author = {Subramanyam, Srinivas Bengaluru and Rykaczewski, Konrad and Varanasi, Kripa K.},
	booktitle = {Langmuir},
	doi = {10.1021/la402456c},
	issn = 07437463,
	journal = {Langmuir},
	number = 44,
	pages = {13414-13418},
	title = {Ice adhesion on lubricant-impregnated textured surfaces},
	volume = 29,
	year = 2013
}

@article{Swope1982Computer,
	annote = {Good derivation of velocity Verlet algorithm in appendix},
	author = {Swope, William C.},
	booktitle = {The Journal of Chemical Physics},
	doi = {10.1063/1.442716},
	issn = 00219606,
	journal = {The Journal of Chemical Physics},
	note = {Good derivation of velocity Verlet algorithm in appendix},
	number = 1,
	pages = 637,
	title = {A computer simulation method for the calculation of equilibrium constants for the formation of physical clusters of molecules: Application to small water clusters},
	url = {http://link.aip.org/link/?JCP/76/637/1&Agg=doi},
	urldate = {2014-01-20},
	volume = 76,
	year = 1982
}

@article{Tafti2009Invariances,
	author = {Tafti, Pouya Dehghani and Van De Ville, Dimitri and Unser, Michael},
	booktitle = {IEEE transactions on image processing : a publication of the IEEE Signal Processing Society},
	institution = {Biomedical Imaging Group, Ecole Polytechnique Fédérale de Lausanne, Lausanne, Switzerland. p.d.tafti@ieee.org},
	journal = {IEEE transactions on image processing : a publication of the IEEE Signal Processing Society},
	keywords = {Affine invariance,Hurst exponent,fBm,fractional Brownian motion,fractional partial differential equations,lattices,multidimensional wavelets,operator wavelets,polyharmonic splines,whitening},
	number = 4,
	pages = {689-702},
	school = {Biomedical Imaging Group, Ecole Polytechnique Fédérale de Lausanne, Lausanne, Switzerland. p.d.tafti@ieee.org},
	title = {Invariances, Laplacian-Like Wavelet Bases, and the Whitening of Fractal Processes},
	volume = 18,
	year = 2009
}

@phdthesis{Thgersen2011Modeling,
	author = {Thøgersen, Kjetil},
	institution = {University of Oslo},
	pages = 161,
	school = {University of Oslo},
	title = {Modeling the Onset of Dynamic Friction: Contact Mechanics},
	year = 2011
}

@article{Thorley1987Unsteady,
	author = {Thorley, A. R. D. and Tiley, C. H.},
	booktitle = {International Journal of Heat and Fluid Flow},
	doi = {10.1016/0142-727X(87)90044-0},
	issn = {0142727X},
	journal = {International Journal of Heat and Fluid Flow},
	keywords = {fluid transients,gas pipelines,unsteady compressible flow},
	number = 1,
	pages = {3-15},
	title = {Unsteady and transient flow of compressible fluids in pipelines-a review of theoretical and some experimental studies},
	volume = 8,
	year = 1987
}

@article{Tuckerman1992Reversible,
	author = {Tuckerman, Mark E. and Berne, B. J. and Martyna, Glenn J.},
	booktitle = {The Journal of Chemical Physics},
	doi = {10.1063/1.463137},
	issn = 00219606,
	journal = {The Journal of Chemical Physics},
	number = 3,
	pages = 1990,
	title = {Reversible multiple time scale molecular dynamics},
	url = {http://scitation.aip.org/content/aip/journal/jcp/97/3/10.1063/1.463137},
	urldate = {2014-03-19},
	volume = 97,
	year = 1992
}

@article{Tuerk2010Fractal,
	author = {Türk, Christian and Carbone, Anna and Chiaia, Bernardino M.},
	booktitle = {Physical Review E},
	doi = {10.1103/PhysRevE.81.026706},
	issn = {1539-3755},
	journal = {Physical Review E},
	month = 2,
	number = 2,
	pages = 026706,
	title = {Fractal heterogeneous media},
	url = {http://link.aps.org/doi/10.1103/PhysRevE.81.026706},
	urldate = {2014-03-13},
	volume = 81,
	year = 2010
}

@article{Varanasi2010Frost,
	author = {Varanasi, Kripa K. and Deng, Tao and Smith, J. David and Hsu, Ming and Bhate, Nitin},
	booktitle = {Applied Physics Letters},
	doi = {10.1063/1.3524513},
	issn = 00036951,
	journal = {Applied Physics Letters},
	number = 23,
	pages = {10-13},
	title = {Frost formation and ice adhesion on superhydrophobic surfaces},
	volume = 97,
	year = 2010
}

@article{Vashishta1990Interaction,
	author = {Vashishta, Priya and Kalia, Rajiv K. and Rino, José P. and Ebbsjö, Ingvar},
	booktitle = {Physical Review B},
	doi = {10.1103/PhysRevB.41.12197},
	journal = {Physical Review B},
	number = 17,
	pages = {12197--12209},
	title = {Interaction potential for SiO2: A molecular-dynamics study of structural correlations},
	url = {http://link.aps.org/doi/10.1103/PhysRevB.41.12197},
	volume = 41,
	year = 1990
}

@article{Verlet1967Computer,
	annote = {The original velocity Verlet algorithm?},
	author = {Verlet, Loup},
	booktitle = {Physical Review},
	journal = {Physical Review},
	note = {The original velocity Verlet algorithm?},
	number = 1,
	pages = {98-103},
	title = {Computer `Experiments' on Classical Fluids. I. Thermodynamical Properties of Lennard-Jones Molecules},
	volume = 159,
	year = 1967
}

@article{Voss1986Characterization,
	author = {Voss, Richard F.},
	booktitle = {Physica Scripta},
	journal = {Physica Scripta},
	number = {T13},
	pages = {27-32},
	title = {Characterization and Measurement of Random Fractals},
	url = {http://iopscience.iop.org/1402-4896/1986/T13/004},
	urldate = {2014-02-05},
	volume = 27,
	year = 1986
}

@article{Wang2014Low,
	author = {Wang, Fajun and Shen, Taohua and Li, Changquan and Li, Wen and Yan, Guilong},
	booktitle = {Applied Surface Science},
	doi = {10.1016/j.apsusc.2014.08.200},
	issn = 01694332,
	journal = {Applied Surface Science},
	pages = {1107-1112},
	publisher = {Elsevier B.V.},
	title = {Low temperature self-cleaning properties of superhydrophobic surfaces},
	url = {http://linkinghub.elsevier.com/retrieve/pii/S0169433214019795},
	volume = 317,
	year = 2014
}

@article{Weron2002Estimating,
	author = {Weron, Rafał},
	booktitle = {Physica A: Statistical Mechanics and its Applications},
	doi = {10.1016/S0378-4371(02)00961-5},
	issn = 03784371,
	journal = {Physica A: Statistical Mechanics and its Applications},
	month = 9,
	number = {1-2},
	pages = {285-299},
	title = {Estimating long-range dependence: finite sample properties and confidence intervals},
	url = {http://www.sciencedirect.com/science/article/pii/S0378437102009615},
	urldate = {2014-02-13},
	volume = 312,
	year = 2002
}

@article{Weron2002Estimatinga,
	author = {Weron, Rafal},
	booktitle = {Physica A: Statistical Mechanics and its Applications},
	journal = {Physica A: Statistical Mechanics and its Applications},
	keywords = {confidence interval,detrended fluctuation analy-,hurst exponent,long-range dependence,periodogram regression,r,s analysis,sis},
	number = {1-2},
	pages = {285-299},
	title = {Estimating long range dependence: finite sample properties and confidence intervals},
	volume = 312,
	year = 2002
}

@book{White2006Viscous,
	author = {White, Frank M.},
	edition = {Third Edit},
	publisher = {McGraw-Hill Education},
	title = {Viscous Fluid Flow},
	year = 2006
}

@book{White2011Fluid,
	author = {White, Frank M.},
	edition = {Seventh Ed},
	publisher = {McGraw-Hill Education},
	title = {Fluid Mechanics},
	year = 2011
}

@article{Wilson2013Inhibition,
	author = {Wilson, Peter W and Lu, Weizhe and Xu, Haojun and Kim, Philseok and Kreder, Michael J and Alvarenga, Jack and Aizenberg, Joanna},
	booktitle = {Physical chemistry chemical physics : PCCP},
	doi = {10.1039/c2cp43586a},
	issn = {1463-9084},
	journal = {Physical chemistry chemical physics : PCCP},
	keywords = {Calorimetry, Differential Scanning,Calorimetry, Differential Scanning: instrumentatio,Crystallization,Equipment Design,Freezing,Ice,Ice: analysis,Porosity,Surface Properties},
	number = 2,
	pages = {581-5},
	title = {Inhibition of ice nucleation by slippery liquid-infused porous surfaces (SLIPS).},
	url = {http://www.ncbi.nlm.nih.gov/pubmed/23183624},
	volume = 15,
	year = 2013
}

@article{Wong2011Bioinspired,
	author = {Wong, Tak-Sing and Kang, Sung Hoon and Tang, Sindy K. Y. and Smythe, Elizabeth J. and Hatton, Benjamin D. and Grinthal, Alison and Aizenberg, Joanna},
	booktitle = {Nature},
	doi = {10.1038/nature10447},
	issn = {0028-0836},
	journal = {Nature},
	number = 7365,
	pages = {443-447},
	publisher = {Nature Publishing Group},
	title = {Bioinspired self-repairing slippery surfaces with pressure-stable omniphobicity},
	url = {http://dx.doi.org/10.1038/nature10447},
	volume = 477,
	year = 2011
}

@article{Wood1994Simulation,
	author = {Wood, Andrew T. A. and Chan, Grace},
	booktitle = {Journal of computational and Graphical Statistics},
	journal = {Journal of computational and Graphical Statistics},
	keywords = {circulant,fast fourier transform,positive definite,simulation of stationary,toeplitz},
	number = 4,
	pages = {409-432},
	title = {Simulation of stationary Gaussian processes in [0,1]{	extasciicircum}d},
	url = {http://amstat.tandfonline.com/doi/abs/10.1080/10618600.1994.10474655},
	urldate = {2014-05-05},
	volume = 3,
	year = 1994
}

@article{Xu2005Quantifying,
	author = {Xu, Limei and Ivanov, Plamen and Hu, Kun and Chen, Zhi and Carbone, Anna and Stanley, H.},
	booktitle = {Physical Review E},
	doi = {10.1103/PhysRevE.71.051101},
	issn = {1539-3755},
	journal = {Physical Review E},
	month = 5,
	number = 5,
	pages = 051101,
	title = {Quantifying signals with power-law correlations: A comparative study of detrended fluctuation analysis and detrended moving average techniques},
	url = {http://link.aps.org/doi/10.1103/PhysRevE.71.051101},
	urldate = {2014-02-13},
	volume = 71,
	year = 2005
}

@article{Ytrehus2013Energy,
	author = {Ytrehus, Tor and Helgaker, Jan Fredrik},
	booktitle = {Journal of Fluids Engineering},
	doi = {10.1115/1.4023656},
	issn = {0098-2202},
	journal = {Journal of Fluids Engineering},
	number = 6,
	pages = 061201,
	title = {Energy Dissipation Effect in the One-Dimensional Limit of the Energy Equation in Turbulent Compressible Flow},
	url = {http://fluidsengineering.asmedigitalcollection.asme.org/article.aspx?doi=10.1115/1.4023656},
	volume = 135,
	year = 2013
}

@article{Zhou2003Direct,
	author = {Zhou, H. W. and Xie, H.},
	booktitle = {Surface Review and Letters},
	doi = {10.1142/S0218625X03005591},
	issn = {0218-625X},
	journal = {Surface Review and Letters},
	keywords = {cubic covering method,fractal dimension,fracture surface},
	month = 10,
	number = 05,
	pages = {751-762},
	title = {Direct Estimation of the Fractal Dimensions of a Fracture Surface of Rock},
	url = {http://www.worldscientific.com/doi/abs/10.1142/S0218625X03005591},
	volume = 10,
	year = 2003
}

@article{Zhou2005Comparison,
	author = {Zhou, Guiyun and Lam, Nina S.-N.},
	booktitle = {Computers \& Geosciences},
	doi = {10.1016/j.cageo.2005.03.016},
	issn = 00983004,
	journal = {Computers \& Geosciences},
	keywords = {fractal brownian motion,fractal dimension estimator,surface generation algorithms},
	month = 12,
	number = 10,
	pages = {1260-1269},
	title = {A comparison of fractal dimension estimators based on multiple surface generation algorithms},
	url = {http://linkinghub.elsevier.com/retrieve/pii/S0098300405000877},
	urldate = {2014-01-25},
	volume = 31,
	year = 2005
}

@article{Zhuravlev2000Surface,
	author = {Zhuravlev, L.T.},
	booktitle = {Colloids and Surfaces A: Physicochemical and Engineering Aspects},
	doi = {10.1016/S0927-7757(00)00556-2},
	issn = 09277757,
	journal = {Colloids and Surfaces A: Physicochemical and Engineering Aspects},
	keywords = {amorphous silica,bet method,internal silanols,physico-chemical constant,physico-chemical model,silanol and siloxane groups,surface characterization},
	month = 11,
	number = {1-3},
	pages = {1-38},
	title = {The surface chemistry of amorphous silica. Zhuravlev model},
	url = {http://linkinghub.elsevier.com/retrieve/pii/S0927775700005562},
	volume = 173,
	year = 2000
}

@article{Bessieres1999Measurement,
	author = {Bessières, D. and Saint-Guirons, H. and Daridon, J.-L.},
	booktitle = {Journal Of Thermal Analysis and Calorimetry},
	issn = 13886150,
	journal = {Journal Of Thermal Analysis and Calorimetry},
	keywords = {equations state,heat capacity,heavy component,hydrocarbon,mixture,pressure},
	pages = {39-49},
	title = {Measurement and calculation of heat capacity of heavy distillation cuts under pressure up to 40 MPa},
	volume = 58,
	year = 1999
}

@phdthesis{Langelandsvik2008Modeling,
	author = {Langelandsvik, Leif Idar},
	institution = {Norwegian University of Science and Technology},
	school = {Norwegian University of Science and Technology},
	title = {Modeling of natural gas transport and friction factor for large-scale pipelines: Laboratory experiments and analysis of operational data},
	year = 2008
}

@book{Daneshyar1976OneDimensional,
	author = {Daneshyar, H.},
	publisher = {Pergamon Press},
	title = {One-Dimensional Compressible Flow},
	year = 1976
}

@inproceedings{Sund2015Pipeline,
	author = {Sund, Filip and Oosterkamp, Antonie and Hope, Sigmund Mongstad},
	booktitle = {Proceedings of the Twenty-fifth (2015) International Ocean and Polar Engineering Conference},
	journal = {Proceedings of the Twenty-fifth (2015) International Ocean and Polar Engineering Conference},
	keywords = {capacity estimation,heat storage,heat transfer,heat transfer coefficient,htc,modelling,pipeline,subsea pipeline},
	pages = {303-309},
	title = {Pipeline Modeling - Impact of Ambient Temperature and Heat Transfer Modeling},
	year = 2015
}

@article{Oosterkamp2015Modelling,
	author = {Oosterkamp, A. and Helgaker, J. F. and Ytrehus, T.},
	booktitle = {Energy Procedia},
	doi = {10.1016/j.egypro.2015.01.013},
	issn = 18766102,
	journal = {Energy Procedia},
	keywords = {Heat transfer,Natural gas,Pipe hydraulic flow,Pipeline transmission},
	number = {C},
	pages = {101-110},
	publisher = {Elsevier B.V.},
	title = {Modelling of natural gas pipe flow with rapid transients - case study of effect of ambient model},
	url = {http://dx.doi.org/10.1016/j.egypro.2015.01.013},
	volume = 64,
	year = 2015
}

@book{Kunz2007Gerg2004,
	author = {Kunz, O. and Klimeck, R. and Wagner, W. and Jaeschke, M.},
	booktitle = {GERG Technical Monograph},
	doi = {10.1021/je300655b},
	issn = {0021-9568},
	journal = {GERG Technical Monograph},
	pages = {1-555},
	title = {The GERG-2004 Wide-Range Equation of State for Natural Gases and Other Mixtures},
	url = {http://www.gerg.eu/publications/technical-monographs},
	year = 2007
}

@article{Colebrook1939Turbulent,
	author = {Colebrook, C. F.},
	booktitle = {Journal of the Institution of Civil Engineers},
	journal = {Journal of the Institution of Civil Engineers},
	number = 4,
	pages = {133-156},
	title = {Turbulent flow in pipes, with particular reference to the transition region between the smooth and rough pipe laws},
	url = {http://www.icevirtuallibrary.com/doi/10.1680/ijoti.1939.13150},
	volume = 11,
	year = 1939
}

@book{Starling1973Fluid,
	author = {Starling, Kenneth E.},
	publisher = {Gulf Publishing Company},
	title = {Fluid Thermodynamic Properties for Light Petroleum Systems},
	year = 1973
}

@book{Ferziger2002Computational,
	author = {Ferziger, Joel H and Peric, Milovan},
	edition = {3rd},
	publisher = {Springer},
	title = {Computational Methods for Fluid Dynamics},
	year = 2002
}

@inproceedings{Oosterkamp2016Heat,
	author = {Oosterkamp, Antonie},
	booktitle = {The Twenty-sixth (2016) International Ocean and Polar Engineering Conference},
	journal = {The Twenty-sixth (2016) International Ocean and Polar Engineering Conference},
	title = {Heat transfer modelling of natural gas pipe flow - effect of yearly ambient temperature cycles},
	year = 2016
}

@article{Dittus1985Heat,
	author = {Dittus, F. W. and Boelter, L. M. K.},
	booktitle = {International Communications in Heat and Mass Transfer},
	journal = {International Communications in Heat and Mass Transfer},
	pages = {3-22},
	title = {Heat transfer in automobile radiators of the tubular type},
	volume = 12,
	year = 1985
}

@article{Winterton1998Where,
	author = {Winterton, RHS},
	booktitle = {International Journal of Heat and Mass Transfer},
	doi = {10.1016/S0017-9310(97)00177-4},
	issn = 00179310,
	journal = {International Journal of Heat and Mass Transfer},
	number = {4-5},
	pages = {809-810},
	title = {Where did the Dittus and Boelter equation come from?},
	url = {https://scholar.google.ca/scholar?q=winterton+heat+mass+transfer+41+809+1998&btnG=&hl=en&as_sdt=0,5#0},
	volume = 41,
	year = 1998
}

@book{Bergman2011Fundamentals,
	author = {Bergman, Theodore L. and Lavine, Adrienne S. and Incropera, Frank P. and DeWitt, David P.},
	edition = {Seventh Ed},
	pages = 1076,
	publisher = {John Wiley \& Sons Inc.},
	title = {Fundamentals of heat and mass transfer},
	year = 2011
}

@article{Lee1966Viscosity,
	author = {Lee, A. L. and Gonzalez, M. H. and Eakin, B. E},
	booktitle = {Journal of Petroleum Technology},
	journal = {Journal of Petroleum Technology},
	number = 8,
	pages = {997-1000},
	title = {The Viscosity of Natural Gases},
	volume = 18,
	year = 1966
}
